<?xml version="1.0" encoding="UTF-8"?><record xmlns="http://www.loc.gov/MARC21/slim" xmlns:cinclude="http://apache.org/cocoon/include/1.0" xmlns:zs="http://www.loc.gov/zing/srw/">
  <leader>02394cz  a2200301n  4500</leader>
  <controlfield tag="001">n  99053138 </controlfield>
  <controlfield tag="003">DLC</controlfield>
  <controlfield tag="005">20160518075407.0</controlfield>
  <controlfield tag="008">990722n| azannaabn          |a ana      </controlfield>
  <datafield tag="010" ind1=" " ind2=" ">
    <subfield code="a">n  99053138 </subfield>
    <subfield code="z">no2002017653</subfield>
    <subfield code="z">no2009087205</subfield>
  </datafield>
  <datafield tag="035" ind1=" " ind2=" ">
    <subfield code="a">(OCoLC)oca05033491</subfield>
  </datafield>
  <datafield tag="040" ind1=" " ind2=" ">
    <subfield code="a">DLC</subfield>
    <subfield code="b">eng</subfield>
    <subfield code="e">rda</subfield>
    <subfield code="c">DLC</subfield>
    <subfield code="d">DLC</subfield>
    <subfield code="d">Uk</subfield>
    <subfield code="d">DLC</subfield>
    <subfield code="d">CSt</subfield>
  </datafield>
  <datafield tag="046" ind1=" " ind2=" ">
    <subfield code="s">1998-10-20</subfield>
    <subfield code="t">2013</subfield>
    <subfield code="2">edtf</subfield>
  </datafield>
  <datafield tag="110" ind1="1" ind2=" ">
    <subfield code="a">Italy.</subfield>
    <subfield code="b">Ministero per i beni e le attività culturali</subfield>
  </datafield>
  <datafield tag="410" ind1="1" ind2=" ">
    <subfield code="a">Italy.</subfield>
    <subfield code="b">Beni e le attività culturali, Ministero per i</subfield>
  </datafield>
  <datafield tag="410" ind1="1" ind2=" ">
    <subfield code="a">Italy.</subfield>
    <subfield code="b">Ministero dei beni e attività culturali</subfield>
  </datafield>
  <datafield tag="410" ind1="2" ind2=" ">
    <subfield code="a">MIBAC</subfield>
  </datafield>
  <datafield tag="410" ind1="1" ind2=" ">
    <subfield code="a">Italy.</subfield>
    <subfield code="b">Ministry of Cultural Heritage and Activities</subfield>
  </datafield>
  <datafield tag="510" ind1="1" ind2=" ">
    <subfield code="w">a</subfield>
    <subfield code="a">Italy.</subfield>
    <subfield code="b">Ministero per i beni culturali e ambientali</subfield>
  </datafield>
  <datafield tag="510" ind1="1" ind2=" ">
    <subfield code="w">b</subfield>
    <subfield code="a">Italy.</subfield>
    <subfield code="b">Ministero dei beni e delle attività culturali e del turismo</subfield>
  </datafield>
  <datafield tag="670" ind1=" " ind2=" ">
    <subfield code="a">Picasso, P. Picasso 1937-1953, c1998:</subfield>
    <subfield code="b">t.p. (Ministero per i beni e le attività culturali) p. 5 (Giovanna Melandri, Ministro per i beni e le attività culturali) p. 7 (Rosella Bennati Lener, caposegreteria del Ministro; from the beginning, the exhibition has had the special attention of Walter Veltroni, at that time Ministro per i beni culturali e ambientali)</subfield>
  </datafield>
  <datafield tag="670" ind1=" " ind2=" ">
    <subfield code="a">Monelli banditi, 2003:</subfield>
    <subfield code="b">cover (MIBAC; Ministero per i beni e le attività culturali)</subfield>
  </datafield>
  <datafield tag="670" ind1=" " ind2=" ">
    <subfield code="a">Maestro Nicodemo, 2004:</subfield>
    <subfield code="b">t.p. (Ministero dei beni e attività culturali)</subfield>
  </datafield>
  <datafield tag="670" ind1=" " ind2=" ">
    <subfield code="a">Home-Page Sito web del Ministero per i beni e le attività culturali, June 5, 2009</subfield>
    <subfield code="b">(Ministero per i beni e le attività culturali-Via del Collegio Romano, 27 00186 Roma; established by legislative decree Oct. 20, 1998; Ministry of Cultural Heritage and Activities)</subfield>
  </datafield>
  <datafield tag="670" ind1=" " ind2=" ">
    <subfield code="a">VERSO L'UNITÀ D'lTALIA, 2013:</subfield>
    <subfield code="b">t.p. (Ministero dei beni e delle attività culturali e dei turismo)</subfield>
  </datafield>
  <datafield tag="670" ind1=" " ind2=" ">
    <subfield code="a">Rassegna degli archivi di Stato, 2012/2013:</subfield>
    <subfield code="b">verso of title page (Ministero dei beni e delle attività culturali e del turismo)</subfield>
  </datafield>
  <datafield tag="670" ind1=" " ind2=" ">
    <subfield code="a">Ministero dei beni e delle attività culturali e del turismo WWW site, viewed May 17, 2016</subfield>
    <subfield code="b">(Ministero dei beni e delle attività culturali e del turismo; MiBACT; in 2013 the ministry took over tourism activity and the name was changed to Ministero dei beni e delle attività culturali e del turismo)</subfield>
  </datafield>
  <datafield tag="675" ind1=" " ind2=" ">
    <subfield code="a">Guida Monaci, 1997-1998: #390 (Ministero per i beni culturali e ambientali; Ministro: Valter Veltroni; capo Segreteria: Rosella Bennati Lenner)</subfield>
  </datafield>
</record>